@misc{mgiwhitepaper,
  title = {{About the {Materials} {Genome} {Initiative}:  {accessed 2015-11-17} }},
  url = {https://www.whitehouse.gov/mgi},
  abstract = {\#TB\_closeWindow \{ padding-bottom:20px !important; \}The Materials Genome Initiative* is a multi-agency initiative designed to create a new era of policy, resources, and infrastructure that support U.S. institutions in the effort to discover, manufacture, and deploy advanced materials twice as fast, at a fraction of the cost.},
  urldate = {2015-11-17},
  journal = {The White House, https://www.whitehouse.gov/mgi},
}


@techreport{Warren_2012,
  doi = {10.6028/nist.ir.7898},
  url = {http://dx.doi.org/10.6028/NIST.IR.7898},
  year = {2012},
  month = {nov},
  publisher = {National Institute of Standards and Technology ({NIST})},
  author = {James A. Warren and Ronald F. Boisvert},
  title = {{Building the Materials Innovation Infrastructure: Data and Standards}},
}


@article{Ward_2014,
  doi = {10.1186/s40192-014-0022-8},
  url = {http://dx.doi.org/10.1186/s40192-014-0022-8},
  year = {2014},
  publisher = {Springer Science $\mathplus$ Business Media},
  volume = {3},
  number = {1},
  pages = {22},
  author = {Charles H Ward and James A Warren and Robert J Hanisch},
  title = {{Making materials science and engineering data more valuable research products}},
  journal = {Integr Mater Manuf Innov},
}


@book{Nielsen_2011,
  doi = {10.1515/9781400839452},
  url = {http://dx.doi.org/10.1515/9781400839452},
  year = {2011},
  month = {jan},
  publisher = {Walter de Gruyter {GmbH}},
  author = {Michael Nielsen},
  title = {{Reinventing Discovery}},
}
